<record><leader>00000cas a2200000 a 4500</leader><controlfield tag="001">13695046</controlfield><controlfield tag="008">860606c19019999txuwr ne      0    0eng d</controlfield><datafield ind1=" " ind2=" " tag="010"><subfield code="a">sn 86064214 </subfield></datafield><datafield ind1=" " ind2=" " tag="040"><subfield code="a">KSH</subfield><subfield code="b">eng</subfield><subfield code="c">KSH</subfield><subfield code="d">NPT</subfield><subfield code="d">PPM</subfield><subfield code="d">OCL</subfield><subfield code="d">OCLCQ</subfield></datafield><datafield ind1=" " ind2=" " tag="042"><subfield code="a">msc</subfield></datafield><datafield ind1="0" ind2="4" tag="245"><subfield code="a">The Hereford brand.</subfield></datafield><datafield ind1="3" ind2="0" tag="246"><subfield code="a">Sunday brand</subfield></datafield><datafield ind1="1" ind2="3" tag="246"><subfield code="a">Brand</subfield></datafield><datafield ind1=" " ind2=" " tag="260"><subfield code="a">Hereford, Tex. :</subfield><subfield code="b">Ray, Googer &amp; Co.</subfield></datafield><datafield ind1=" " ind2=" " tag="300"><subfield code="a">v. :</subfield><subfield code="b">ill. ;</subfield><subfield code="c">49-58 cm.</subfield></datafield><datafield ind1=" " ind2=" " tag="310"><subfield code="a">Semiweekly</subfield></datafield><datafield ind1=" " ind2=" " tag="321"><subfield code="a">Weekly</subfield></datafield><datafield ind1="1" ind2=" " tag="362"><subfield code="a">Began in 1901.</subfield><subfield code="z">Cf. Ayer, 1925.</subfield></datafield><datafield ind1=" " ind2=" " tag="500"><subfield code="a">Published later by Holman &amp; Stockman.</subfield></datafield><datafield ind1=" " ind2=" " tag="500"><subfield code="a">Sunday paper: Sunday brand.</subfield></datafield><datafield ind1=" " ind2=" " tag="588"><subfield code="a">Description based on: Vol. 3, no. 48 (Jan. 15, 1904).</subfield></datafield><datafield ind1=" " ind2=" " tag="752"><subfield code="a">United States</subfield><subfield code="b">Texas</subfield><subfield code="c">Deaf Smith</subfield><subfield code="d">Hereford.</subfield></datafield><datafield ind1="1" ind2=" " tag="029"><subfield code="a">AU@</subfield><subfield code="b">000022170107</subfield></datafield></record>